@inproceedings{Swimmingbot, 
  title = {Motion Analysis and Design of Bionic Swimming Robot}, 
  author = {Yang, Yuanshao and Xia, Mingkai and Wu, Naike and Zhang, Junhan and K. Alex Shorter},
  year = "2024",
  keywords = "Swimming Robot", 
  booktitle = "Proc. of 2024 IEEE International Conference on Cyborg and Bionic Systems (CBS 2024)",
  publisher = "IEEE",
  address   = "Nagoya, Japan", 
  note = "Accepted for Presentation",
}

@inproceedings{SeriesSpring, 
  title = {A Compact, Two-Part Series Spring Architecture}, 
  author = {Bons, Zachary and Yang, Yuanshao and Rouse, Elliott J.},
  year = "2024",
  keywords = "Series Spring", 
  % booktitle = "Proc. of 2024 IEEE International Conference on Cyborg and Bionic Systems (CBS 2024)",
  publisher = "IEEE",
  % address   = "Nagoya, Japan", 
  note = "In Preparation",
}