@article{PersonalizeMain,
  title={Personalizing exoskeleton assistance while walking in the real world},
  author={Slade, Patrick and Kochenderfer, Mykel J and Delp, Scott L and Collins, Steven H},
  journal={Nature},
  volume={610},
  number={7931},
  pages={277--282},
  year={2022},
  publisher={Nature Publishing Group UK London}
}

@article{ProsthesisOverview,
  title={Overcoming challenges and innovations in orthopedic prosthesis design: an interdisciplinary perspective},
  author={Kulkarni, Pranav G and Paudel, Namuna and Magar, Shilpa and Santilli, Maria Fernanda and Kashyap, Shubham and Baranwal, Akash Kumar and Zamboni, Paolo and Vasavada, Priyank and Katiyar, Aman and Singh, Ajay Vikram},
  journal={Biomedical Materials \& Devices},
  volume={2},
  number={1},
  pages={58--69},
  year={2024},
  publisher={Springer}
}

@article{ReduceEnergyCost,
  title={How adaptation, training, and customization contribute to benefits from exoskeleton assistance},
  author={Poggensee, Katherine L and Collins, Steven H},
  journal={Science Robotics},
  volume={6},
  number={58},
  pages={eabf1078},
  year={2021},
  publisher={American Association for the Advancement of Science}
}

@article{GaitCorrection,
  title={Gait abnormalities in hemiplegia: their correction by ankle-foot orthoses.},
  author={Lehmann, Justus F and Condon, Sandra M and Price, Robert and others},
  journal={Archives of physical medicine and rehabilitation},
  volume={68},
  number={11},
  pages={763--771},
  year={1987}
}

@article{GaitAdjustment,
  title={Adjustments in gait symmetry with walking speed in trans-femoral and trans-tibial amputees},
  author={Nolan, Lee and Wit, Andrzej and Dudzi{\~n}ski, Krzysztof and Lees, Adrian and Lake, Mark and Wychowa{\~n}ski, Micha{\l}},
  journal={Gait \& posture},
  volume={17},
  number={2},
  pages={142--151},
  year={2003},
  publisher={Elsevier}
}