@article{OSL2020,
  title={Design and clinical implementation of an open-source bionic leg},
  author={Azocar, Alejandro F and Mooney, Luke M and Duval, Jean-Fran{\c{c}}ois and Simon, Ann M and Hargrove, Levi J and Rouse, Elliott J},
  journal={Nature biomedical engineering},
  volume={4},
  number={10},
  pages={941--953},
  year={2020},
  publisher={Nature Publishing Group UK London}
}

@article{SpringDesign_OSL,
  title={An Energy-Dense Two-Part Torsion Spring Architecture and Design Tool},
  author={Bons, Zachary and Thomas, Gray C and Mooney, Luke and Rouse, Elliott J},
  journal={IEEE/ASME Transactions on Mechatronics},
  year={2023},
  publisher={IEEE}
}